2192 3464
267 205 306 312 iv
341 299 343 304 .

184 360 258 410 notae
278 351 412 408 distincte
429 353 460 408 iu
478 353 649 410 animalibus
665 369 680 408 e
699 349 805 422 eapite,'
823 326 991 421 prasertim,
1075 339 1076 376 i

186 425 244 478 oris
262 423 390 495 partibus
409 421 518 478 desumi
540 430 674 497 possunt,
692 433 827 492 generum
847 419 992 484 dissectio.

131 539 136 548 .
184 510 296 568 semper
318 494 356 550 sit
373 491 512 559 evitanda,

685 595 687 598 ·
929 591 935 602 ι

254 666 375 721 Ratione
385 666 534 720 nominum
545 663 767 722 scientificorutn
778 663 885 726 hahita,
896 667 986 734 prin-'

182 733 260 806 'cipia
278 742 306 788 et
328 735 451 804 regulas,
475 753 545 806 quas
562 738 594 791 in
611 738 664 792 hac
681 754 713 792 re
730 736 854 790 hinneus
874 733 983 786 sunda-

181 805 235 870 vit‚
253 812 318 857 ante
341 804 439 858 oculos
467 803 611 862 habendas
636 805 775 876 judicavi3
798 804 875 856 iliius
893 799 990 870 igitur*

184 872 430 928 denominationes
454 884 482 928 et
507 893 605 930 omnes
629 875 698 931 alias
723 873 834 941 vulgari
854 873 984 924 auctori-

184 949 244 996 tate
271 943 391 996 sancitas
413 945 551 1010 retinere,
569 955 708 1018 qnantum
727 943 887 1014 punierim,
911 941 983 992 reli-

184 1011 269 1132 fiione
296 1011 398 1067 ductus
426 1031 499 1074 sum.
539 1017 625 1071 Novae
649 1022 743 1066 autem
767 1011 824 1076 rei,
851 1010 982 1082 praeclari

207 1080 253 1135 uic
279 1082 389 1136 auctori
412 1081 530 1153 ignotae,
556 1097 664 1138 novum
686 1083 856 1152 impositura
876 1095 984 1132 nomen

184 1149 414 1218 antiquissimum
442 1151 512 1204 mihi
542 1169 655 1224 sempor
690 1152 915 1220 arrisit,‘atque
946 1147 983 1199 ab

185 1221 317 1287 augendo
339 1237 565 1290 synonymorum
583 1223 710 1292 copiam,
723 1221 887 1276 necessitate
904 1215 983 1270 haud

184 1297 318 1357 urgente,
347 1307 494 1359 nunquam
518 1309 577 1344 non
602 1293 749 1348 abhorrui.
795 1293 864 1346 Haec
882 1303 983 1340 caussa

186 1367 242 1419 est,
262 1374 314 1410 cur
332 1357 362 1412 in
380 1359 542 1412 nationibus
561 1358 777 1414 denominandis
796 1355 909 1414 nomine
929 1371 983 1406 cu-

186 1425 300 1494 jusdam
323 1429 432 1496 generis
459 1429 495 1482 ad
521 1429 639 1483 eandem
663 1429 807 1484 attinentia
838 1423 982 1478 nationem

188 1513 257 1548 usus
270 1514 346 1557 sum,
361 1515 392 1547 ex
404 1515 437 1548 eo
456 1500 683 1568 patronymicom
702 1499 868 1552 Latinorum
885 1509 982 1556 more,

187 1571 209 1617 'a
231 1564 469 1618 denominationis
487 1569 622 1635 gene-ricae
654 1585 722 1621 casu
748 1567 872 1638 genitivo
891 1563 982 1618 dedu·

191 1643 283 1698 ctum,
317 1633 450 1701 adjuncta
479 1637 508 1686 in
535 1633 592 1689 fine
615 1635 723 1707 syllaba
756 1640 817 1700 des,
844 1632 985 1696 immori,

189 1721 247 1774 quo
272 1705 411 1756 memoria
436 1703 598 1760 sublevetur
624 1714 651 1759 et
680 1705 776 1759 onmia
806 1699 904 1754 eadem
927 1699 985 1753 hue

188 1779 331 1826 sonarent·
366 1773 470 1828 Omnia
488 1773 610 1828 barbara
630 1775 671 1827 sic
689 1773 764 1826 dicta
782 1769 907 1829 nomina,
926 1769 985 1818 sive
1054 1773 1058 1780 '

188 1842 275 1894 uariis
296 1840 330 1894 de
346 1840 448 1910 linguis
466 1841 605 1906 desumto,
623 1843 681 1894 sive
700 1856 733 1890 ex
744 1838 831 1889 latina
850 1842 878 1886 et
892 1851 983 1904 graeca

188 1911 361 1981 composita.
385 1908 479 1980 qualia
507 1919 574 1964 sunt
591 1908 746 1971 Narvalus,
768 1905 899 1974 Giraffo‚
917 1908 982 1956 Hu-

122 2024 125 2030 ,
187 1999 233 2042 so,
273 1978 436 2032 Monoeulus
466 1987 518 2042 ete.
544 1986 654 2032 remota
686 1977 787 2032 amavi.
833 1971 908 2028 lilud
925 1989 982 2028 no-

186 2063 266 2108 men,
284 2063 341 2116 quo
360 2047 391 2099 in
407 2047 530 2117 quedam
548 2057 629 2119 parte
649 2045 770 2100 scientiae
782 2041 921 2110 naturalis
940 2041 985 2094 vel
1077 2091 1078 2108 χ

187 2115 276 2168 alium
294 2114 439 2184 quoddam
449 2133 545 2198 ‘genus
564 2117 622 2184 jam
639 2115 805 2186 insignitum
824 2114 868 2168 vel
886 2114 917 2164 iu
935 2127 984 2163 ea-

188 2182 254 2238 dem
267 2184 360 2236 ciasee
380 2202 485 2254 species
496 2187 624 2256 quadam
637 2194 801 2256 nuncupata
820 2191 869 2245 est,
890 2188 985 2233 sancte
1077 2183 1078 2190 ’

187 2251 283 2318 rejici,
305 2269 340 2304 ne
374 2270 473 2306 rerum
502 2256 627 2324 cognitio
650 2257 757 2309 incerta
789 2261 817 2304 et
846 2250 984 2322 implicita

190 2320 331 2373 euaderet¹
383 2323 544 2396 Unicuique
562 2323 695 2395 deinceps
710 2321 820 2376 numiui
838 2321 986 2390 generico,

190 2397 330 2462 quantum
353 2389 559 2447 derivationem
584 2393 725 2466 explicare
748 2391 908 2462 potuerim,
938 2407 983 2441 se-

192 2457 319 2515 cuudum
342 2477 473 2528 normas,
498 2479 572 2533 quat
595 2464 655 2533 ipse
674 2461 796 2515 Linneus
815 2467 842 2512 et
860 2455 983 2510 historiae

191 2529 332 2584 naturalis
351 2537 445 2598 patres
464 2540 530 2584 ante
545 2530 627 2586 ilium
642 2531 672 2584 in
684 2527 906 2583 transmutandis
920 2543 984 2577 ver·
1038 2569 1056 2588 „,

191 2599 236 2651 bis
248 2605 413 2657 statuerunt,
431 2597 555 2656 formam
567 2600 673 2671 regulis
691 2593 901 2668 orthographiae
914 2610 982 2650 cen-

193 2671 351 2728 renieutem
370 2665 478 2728 addidi.
636 2683 639 2688 ·
827 2701 829 2706 -

1075 2595 1078 2628 i

1075 2759 1078 2796 i
