2192 3464
285 360 312 410 11

203 448 308 534 evolvit
340 459 457 534 paterna
488 459 605 518 natura,
636 453 774 509 uberrimi
805 478 838 516 ex
869 465 1003 524 omnibu.

203 519 383 588 hauriantur,
406 521 460 576 lust
477 522 533 576 mei
551 521 658 578 laboris
677 523 807 586 intentio.

288 691 461 750 Consnnum
492 706 602 744 morem
633 708 679 746 res
702 693 845 749 naturales
867 707 998 754 contem.
1066 735 1073 744 .

202 763 301 886 plaudi
319 779 365 818 me
382 777 441 814 non
459 777 517 812 uno
536 759 601 813 loco
619 759 786 834 deliquisse,
811 766 894 820 iacile
912 767 1000 822 intel.

215 842 269 900 rget
287 834 406 893 Lector,·
432 827 511 898 qood
536 845 605 882 vero
631 839 663 882 ut
691 832 850 902 indulgenti
881 853 1002 893 censura

203 901 375 970 dijudicetur
392 904 462 969 opto
481 913 599 970 oroque.
639 901 705 954 Fuit
727 903 843 956 scillicet
860 902 916 955 mei
934 912 1000 957 ant.

202 971 243 1024 nti
269 968 429 1046 exoptatio,
452 966 536 1022 sicuti
560 966 761 1037 alia-scientiae
780 971 998 1040 aliam'jamjam

202 1047 303 1096 nostro
331 1055 393 1094 evo
417 1035 662 1091 accommodatam
689 1037 813 1092 formam
832 1038 1001 1107 induerunt,

101 1123 104 1130 ¹
200 1113 242 1164 ita
261 1112 345 1179 etjam
364 1106 400 1162 ab
417 1104 497 1158 emni
515 1105 618 1161 vitioso
636 1105 786 1178 disciplina
804 1117 915 1174 naturas
933 1109 1002 1164 abs-

202 1189 344 1250 tergatur,
366 1177 451 1246 inqne
475 1172 601 1229 debitam
632 1177 874 1242 convenientiam,
899 1177 1002 1232 divinae

113 1248 133 1326 ¹-
203 1249 387 1321 simplicitati.
410 1259 498 1315 quem
517 1259 630 1325 semper
646 1244 700 1298 stbi
713 1245 869 1301 vindicavit
880 1256 1002 1312 natura,

203 1326 300 1390 aptam
319 1315 472 1388 redigatur.
514 1313 675 1385 Principia,
698 1330 760 1382 qua
779 1316 809 1366 in
827 1313 883 1368 hoc
900 1307 1004 1370 ausum

203 1385 383 1459 suscipiendo
407 1383 471 1436 suni
500 1387 628 1449 secutus,
655 1381 830 1434 brevissimis
858 1382 943 1436 liceat
971 1386 1002 1436 in

203 1456 330 1512 medinm
365 1451 495 1524 proferre
518 1447 614 1513 urbis5
660 1465 758 1520 uaeque
784 1447 887 1502 deinde
913 1465 1002 1520 argu=

203 1535 299 1580 menta
316 1519 474 1593 dignissimi
492 1515 595 1572 afferre
614 1517 649 1571 ba
671 1518 766 1572 net-int
782 1516 901 1581 eruditi,
919 1527 1002 1587 grata

203 1588 297 1653 ruente
315 1591 462 1662 accipiant,
480 1587 510 1640 in
532 1603 567 1642 ue
583 1595 747 1665 posterum,
765 1587 789 1640 bi
809 1587 866 1638 tata
891 1586 1003 1651 sinant,

204 1663 241 1718 ad
273 1661 427 1736 perfectius
449 1655 501 1712 red
523 1653 629 1710 endunt
660 1671 733 1730 opus
761 1651 891 1710 servabo.
943 1655 1003 1707 sub
1028 1681 1037 1692 .

204 1735 267 1806 ipso
287 1725 487 1806 progrediente
504 1723 621 1792 tabere,
646 1723 711 1781 licet
725 1723 857 1776 ,maxima
875 1719 1005 1774 adbibita

205 1819 290 1870 cura,
316 1816 405 1874 quam
427 1813 528 1866 gravae,
557 1793 679 1850 eundem
697 1801 833 1846 tenorem
858 1787 1005 1859 integrum

191 1883 319 1945 ‘semper
343 1881 473 1930 servare,
522 1865 644 1932 uatesque
676 1859 774 1922 facile,
805 1857 894 1908 immo
919 1859 1006 1926 etjam

204 1941 351 1998 interdum
377 1877 538 1990 inevitablde
561 1930 592 1985 in
617 1925 772 2000 unamvel
794 1924 915 1982 atterant
931 1943 1007 2000 par.

206 2007 436 2073 vendocium,
454 2019 518 2058 sam
537 2008 681 2072 expertus.

277 2143 364 2222 Quod
387 2143 475 2212 igitur
504 2125 672 2194 methodum
699 2133 910 2202 systematicatn
938 2139 1008 2205 spe:

104 2250 106 2254 ⁴
158 2241 162 2247 ·
207 2227 283 2284 ctat,
302 2229 415 2285 semper
433 2209 549 2283 quidem
575 2203 765 2274 lundamentap
783 2205 926 2258 Linnema
943 2219 1007 2255 rer.

208 2307 275 2344 vare
290 2283 396 2346 studui,
414 2280 482 2404 Quia
505 2291 634 2346 congrua
655 2279 763 2326 naturae
782 2271 886 2338 indoli,
904 2287 1006 2327 recen.

208 2361 281 2415 tium
299 2357 329 2411 in
348 2369 415 2406 omn
448 2365 480 2404 us
497 2345 631 2402 Historiis
651 2341 790 2396 naturalis
809 2339 938 2416 partibus
956 2358 1007 2410 sy.

207 2435 329 2483 sternata
358 2423 416 2476 lere
444 2415 634 2482 innummera}
649 2411 792 2470 evincunt.
848 2410 904 2468 Ubi
937 2425 1005 2462 vero

210 2497 383 2552 severiorem
404 2483 630 2543 convenientiam
655 2497 813 2551 nexumque
840 2477 1008 2548 rigidiorem

210 2562 358 2642 proposcit
375 2575 435 2620 res,
453 2555 493 2610 ibi
510 2551 631 2616 mutavi,
648 2552 727 2622 quod
746 2547 914 2604 mitandum
936 2561 1007 2598 cen..

211 2640 264 2696 sni.
301 2631 436 2702 Adeoque
453 2627 485 2680 in
502 2619 704 2686 Mammalibns
728 2616 896 2674 ordinandis
912 2619 1006 2693 syste-

211 2724 260 2762 ma
283 2701 404 2766 coristi,
427 2693 621 2753 acutissimum
644 2687 760 2762 quidem
779 2687 827 2742 sed
845 2685 1004 2736 restrictio-

108 2771 111 2775 ’
143 2785 147 2792 ’
213 2777 252 2828 ris
276 2771 384 2826 idcirco
409 2783 496 2832 usus,
526 2761 608 2834 quasi
634 2757 802 2814 anatomicis
832 2753 1005 2808 instructum

213 2837 406 2932 laudamentis
430 2831 509 2908 sequi
527 2829 693 2906 nonpotui.
743 2857 746 2862 -
